@book{openGLSuperBible,
    author  = {Sellers, Graham and Wright Jr., Richard S. and Haemel, Nicholas},
    title   = {OpenGL SuperBible, Comprehensive Tutorial and Reference},
    publisher={Addison Wesley},
    volume  = {7},
    year    = {2016},
    isbn    = {978-0-672-33747-5}
 }

 @inproceedings{signedDistanceFields,
 author = {Green, Chris},
 title = {Improved Alpha-tested Magnification for Vector Textures and Special Effects},
 booktitle = {ACM SIGGRAPH 2007 Courses},
 series = {SIGGRAPH '07},
 year = {2007},
 isbn = {978-1-4503-1823-5},
 location = {San Diego, California},
 pages = {9--18},
 numpages = {10},
 url = {http://doi.acm.org/10.1145/1281500.1281665},
 doi = {10.1145/1281500.1281665},
 acmid = {1281665},
 publisher = {ACM},
 address = {New York, NY, USA},
}

@book{gems5,
    author  = {Pallister, Kim},
    title   = {Game Programming Gems 5},
    publisher={Hingham, Mass., Charles River Media},
    volume  = {5},
    year    = {2005},
    isbn    = {9781584503521}
 }
